<?xml version="1.0" encoding="UTF-8"?><record xmlns="http://www.loc.gov/MARC21/slim" xmlns:cinclude="http://apache.org/cocoon/include/1.0" xmlns:zs="http://www.loc.gov/zing/srw/">
  <leader>00622nz  a2200133n  4500</leader>
  <controlfield tag="001">n  95018709 </controlfield>
  <controlfield tag="003">DLC</controlfield>
  <controlfield tag="005">19950225115310.3</controlfield>
  <controlfield tag="008">950225n| acannaab|          |a ana |||  </controlfield>
  <datafield tag="010" ind1=" " ind2=" ">
    <subfield code="a">n  95018709 </subfield>
  </datafield>
  <datafield tag="040" ind1=" " ind2=" ">
    <subfield code="a">DLC</subfield>
    <subfield code="c">DLC</subfield>
  </datafield>
  <datafield tag="110" ind1="2" ind2="0">
    <subfield code="a">Deutsche Gesellschaft für Zerstörungsfreie Prüfung.</subfield>
    <subfield code="b">Ausschuss Elektrische und Magnetische Prüfverfahren</subfield>
  </datafield>
  <datafield tag="411" ind1="2" ind2="0">
    <subfield code="a">DGZfP-Ausschuss Elektrische und Magnetische Prüfverfahren</subfield>
  </datafield>
  <datafield tag="670" ind1=" " ind2=" ">
    <subfield code="a">Vorträge des Seminars Oberflächenrissprüfung, c1991:</subfield>
    <subfield code="b">t.p. (Ausschuss Elektrische und Magnetische Prüfverfahren) p. 5 (... des DGZfP-Ausschusses Elektrische und Magnetische Prüfverfahren)</subfield>
  </datafield>
</record>